% Encoding: UTF-8

@inproceedings{A,
	title={Wasserstein weisfeiler-lehman graph kernels},
	author={Togninalli, Matteo and Ghisu, Elisabetta and Llinares-L{\'o}pez, Felipe and Rieck, Bastian and Borgwardt, Karsten},
	booktitle={Advances in Neural Information Processing Systems},
	pages={6439--6449},
	year={2019}
}

@inproceedings{B,
	title={GOT: an optimal transport framework for graph comparison},
	author={Maretic, Hermina Petric and El Gheche, Mireille and Chierchia, Giovanni and Frossard, Pascal},
	booktitle={Advances in Neural Information Processing Systems},
	pages={13876--13887},
	year={2019}
}

@inproceedings{C,
	title={A graph theoretic additive approximation of optimal transport},
	author={Lahn, Nathaniel and Mulchandani, Deepika and Raghvendra, Sharath},
	booktitle={Advances in Neural Information Processing Systems},
	pages={13836--13846},
	year={2019}
}

@book{discreteBible,
	title={Combinatorial optimization},
	author={Korte, Bernhard and Vygen, Jens and Korte, B and Vygen, J},
	volume={2},
	year={2012},
	publisher={Springer}
}



@Comment{jabref-meta: databaseType:bibtex;}


@Comment{jabref-meta: databaseType:biblatex;}